@arcticle{matze,
        author = "Matthias Vogelgesang",
        title = "Metropolis Beamer Theme",
        note = "
        \url{https://github.com/matze/mtheme}",
        year = "2018"
}
